@article{konradabc,
  title={The ABC of EMG, A Practical Introduction to Kinesiological Electromyography. 2006},
  year={2006},
  author={Konrad, Peter},
  journal={Noraxon Inc, USA}
}